@article{Chen_2010,
  doi = {10.1109/mnet.2010.5634434},
  url = {http://dx.doi.org/10.1109/mnet.2010.5634434},
  year = {2010},
  month = {nov},
  publisher = {Institute of Electrical {\&} Electronics Engineers ({IEEE})},
  volume = {24},
  number = {6},
  pages = {2--3},
  author = {Thomas Chen},
  title = {{Stuxnet the real start of cyber warfare? [Editor{\textquotesingle}s Note}},
  journal = {{IEEE} Network},
}


@article{Fidler_2011,
  doi = {10.1109/msp.2011.96},
  url = {http://dx.doi.org/10.1109/msp.2011.96},
  year = {2011},
  month = {jul},
  publisher = {Institute of Electrical {\&} Electronics Engineers ({IEEE})},
  volume = {9},
  number = {4},
  pages = {56--59},
  author = {David P. Fidler},
  title = {{Was Stuxnet an Act of War? Decoding a Cyberattack}},
  journal = {{IEEE} Security {\&} Privacy Magazine},
}


@inproceedings{Liu_2009,
  doi = {10.1145/1653662.1653666},
  url = {http://dx.doi.org/10.1145/1653662.1653666},
  year = {2009},
  publisher = {Association for Computing Machinery ({ACM})},
  author = {Yao Liu and Michael K. Reiter and Peng Ning},
  title = {{False data injection attacks against state estimation in electric power grids}},
  booktitle = {Proceedings of the 16th {ACM} conference on Computer and communications security - {CCS} {\textquotesingle}09},
}
